%YAML 1.1
%TAG !u! tag:unity3d.com,2011:
--- !u!1 &100000
GameObject:
  m_ObjectHideFlags: 0
  m_PrefabParentObject: {fileID: 0}
  m_PrefabInternal: {fileID: 100100000}
  serializedVersion: 4
  m_Component:
  - 4: {fileID: 400000}
  - 114: {fileID: 11400000}
  - 114: {fileID: 11400002}
  m_Layer: 0
  m_Name: JuggleSpawner
  m_TagString: Untagged
  m_Icon: {fileID: 0}
  m_NavMeshLayer: 0
  m_StaticEditorFlags: 0
  m_IsActive: 1
--- !u!4 &400000
Transform:
  m_ObjectHideFlags: 1
  m_PrefabParentObject: {fileID: 0}
  m_PrefabInternal: {fileID: 100100000}
  m_GameObject: {fileID: 100000}
  m_LocalRotation: {x: 0, y: 0, z: -.707106829, w: .707106829}
  m_LocalPosition: {x: -9.00839615, y: 17.791172, z: .583434105}
  m_LocalScale: {x: 3, y: 1, z: .5}
  m_Children: []
  m_Father: {fileID: 0}
  m_RootOrder: 0
--- !u!114 &11400000
MonoBehaviour:
  m_ObjectHideFlags: 1
  m_PrefabParentObject: {fileID: 0}
  m_PrefabInternal: {fileID: 100100000}
  m_GameObject: {fileID: 100000}
  m_Enabled: 1
  m_EditorHideFlags: 0
  m_Script: {fileID: 11500000, guid: bde71166451693049a5be0e0011572ec, type: 3}
  m_Name: 
  m_EditorClassIdentifier: 
  spawnSecondCan: 2750
  spawnThirdCan: 9000
  spawnFourthCan: 15000
  ItemsToSpawn:
  - prefab: {fileID: 100000, guid: 59fa57db30f33154ba39600dc1335705, type: 2}
    spawnFrequency: 12
    spawnRandomnessPercent: 12
    minObjectsInTheAir: 1
    minPoints: 0
    InitialVelocity: {x: -15, y: 15, z: 0}
    velocityRandomnessPercent: 10
  - prefab: {fileID: 100004, guid: cc4734c36f7e2124698d1ce9f89e93ce, type: 2}
    spawnFrequency: 16
    spawnRandomnessPercent: 16
    minObjectsInTheAir: 1
    minPoints: 0
    InitialVelocity: {x: -15, y: 15, z: 0}
    velocityRandomnessPercent: 10
  - prefab: {fileID: 100004, guid: ba30aab30efd9be4e9565773f3b32ace, type: 2}
    spawnFrequency: 20
    spawnRandomnessPercent: 20
    minObjectsInTheAir: 1
    minPoints: 0
    InitialVelocity: {x: -15, y: 15, z: 0}
    velocityRandomnessPercent: 10
  - prefab: {fileID: 100000, guid: 32428522e67a9e74e8a0ff74305ddd33, type: 2}
    spawnFrequency: 20
    spawnRandomnessPercent: 15
    minObjectsInTheAir: 1
    minPoints: 0
    InitialVelocity: {x: -15, y: 15, z: 0}
    velocityRandomnessPercent: 10
--- !u!114 &11400002
MonoBehaviour:
  m_ObjectHideFlags: 1
  m_PrefabParentObject: {fileID: 0}
  m_PrefabInternal: {fileID: 100100000}
  m_GameObject: {fileID: 100000}
  m_Enabled: 1
  m_EditorHideFlags: 0
  m_Script: {fileID: 11500000, guid: f8fc09ce0073cdf42b7de1591a44c56b, type: 3}
  m_Name: 
  m_EditorClassIdentifier: 
  ProgressionList:
  - Points: 100
    AllowedJugglables: 2
  - Points: 500
    AllowedJugglables: 3
  - Points: 1500
    AllowedJugglables: 4
  - Points: 3000
    AllowedJugglables: 5
  - Points: 5000
    AllowedJugglables: 15
--- !u!1001 &100100000
Prefab:
  m_ObjectHideFlags: 1
  serializedVersion: 2
  m_Modification:
    m_TransformParent: {fileID: 0}
    m_Modifications: []
    m_RemovedComponents: []
  m_ParentPrefab: {fileID: 0}
  m_RootGameObject: {fileID: 100000}
  m_IsPrefabParent: 1
  m_IsExploded: 1
